75600000         274576177000177000000000000002293850432730000000036668 SOCIEDADE BRASILEIRA DE ZOOLOGSICOOB                                  114072015161515000000087000000000000000000000000000000000000000000000                             
75600011R01  045 2074576177000177000000000000002293850432730000000036668 SOCIEDADE BRASILEIRA DE ZOOLOG                                                                                000000001407201500000000                                 
7560001300001P 010432730000000036668 000000012801014     10 220000000000000001407201500000000000500000000001N14072015000000000000000000000000000000000000000000000000000000000000000000000000000000                         1000000090000000000 
7560001300002Q 011000082136760505PABLO DIEGO JOSE FRANCISCO DE PAULA JUANRUA RIO GRANDE DO SUL SAO PAULO MINAS CASAO JOSE DOS QU12345678SANTA RITA DE CRJ0000000000000000                                        000                            
7560001300003R 01000000000000000000000000000000000000000000000000000000000000000000000000                                                                                                              0000000000000000 000000000000  0         
75600015         00000500000100000000000005000000000000000000000000000000000000000000000000000000000000000000000000                                                                                                                             
75699999         000001000007000000                                                                                                                                                                                                             
